@article{Kolev2021,
author = {Tzanio Kolev and Paul Fischer and Misun Min and Jack Dongarra and Jed Brown and Veselin Dobrev and Tim Warburton and Stanimire Tomov and Mark S Shephard and Ahmad Abdelfattah and Valeria Barra and Natalie Beams and Jean-Sylvain Camier and Noel Chalmers and Yohann Dudouit and Ali Karakus and Ian Karlin and Stefan Kerkemeier and Yu-Hsiang Lan and David Medina and Elia Merzari and Aleksandr Obabko and Will Pazner and Thilina Rathnayake and Cameron W Smith and Lukas Spies and Kasia Swirydowicz and Jeremy Thompson and Ananias Tomboulides and Vladimir Tomov},
title ={Efficient exascale discretizations: High-order finite element methods},
journal = {The International Journal of High Performance Computing Applications},
volume = {35},
number = {6},
pages = {527-552},
year = {2021},
doi = {10.1177/10943420211020803},
}

@ARTICLE{Trott2022,
  author={Trott, Christian R. and Lebrun-Grandié, Damien and Arndt, Daniel and Ciesko, Jan and Dang, Vinh and Ellingwood, Nathan and Gayatri, Rahulkumar and Harvey, Evan and Hollman, Daisy S. and Ibanez, Dan and Liber, Nevin and Madsen, Jonathan and Miles, Jeff and Poliakoff, David and Powell, Amy and Rajamanickam, Sivasankaran and Simberg, Mikael and Sunderland, Dan and Turcksin, Bruno and Wilke, Jeremiah},
  journal={IEEE Transactions on Parallel and Distributed Systems}, 
  title={Kokkos 3: Programming Model Extensions for the Exascale Era}, 
  year={2022},
  volume={33},
  number={4},
  pages={805-817},
  keywords={Programming;Hardware;Kernel;Graphics processing units;Layout;Laboratories;Benchmark testing;Performance portability;programming models;high-performance computing;heterogeneous computing;exascale},
  doi={10.1109/TPDS.2021.3097283}}

@article{Swiry2019,
author = {Kasia Świrydowicz and Noel Chalmers and Ali Karakus and Tim Warburton},
title ={Acceleration of tensor-product operations for high-order finite element methods},
journal = {The International Journal of High Performance Computing Applications},
volume = {33},
number = {4},
pages = {735-757},
year = {2019},
doi = {10.1177/1094342018816368}
}

@article{Fischer2020,
  doi = {10.1177/1094342020915762},
  year = {2020},
  volume = {34},
  number = {5},
  pages = {562--586},
  author = {Paul Fischer and Misun Min and Thilina Rathnayake and Som Dutta and Tzanio Kolev and Veselin Dobrev and Jean-Sylvain Camier and Martin Kronbichler and Tim Warburton and Kasia {\'{S}}wirydowicz and Jed Brown},
  title = {Scalability of high-performance {PDE} solvers},
  journal = {The International Journal of High Performance Computing Applications}
}

