@article{FederEtAl2025,
  title      = {{{R3MG}}: {{R-tree}} Based Agglomeration of Polytopal Grids with Applications to Multilevel Methods},
  shorttitle = {{{R3MG}}},
  author     = {Feder, Marco and Cangiani, Andrea and Heltai, Luca},
  year       = {2025},
  month      = apr,
  journal    = {Journal of Computational Physics},
  volume     = {526},
  pages      = {113773},
  issn       = {00219991},
  doi        = {10.1016/j.jcp.2025.113773}
}


@techreport{FederEtAl2024b,
  author      = {Marco Feder and Luca Heltai and Martin Kronbichler and Peter Munch},
  institution = {University of Pisa},
  title       = {Matrix-free implementation of the non-nested multigrid method},
  year        = {2024}
}

@article{schussnig2025matrixfree,
  title = {Matrix-free higher-order finite element methods for hyperelasticity},
  author = {Schussnig, R. and Fehn, N. and Munch, P. and Kronbichler, M.},
  year = {2025},
  month = feb,
  journal = {Computer Methods in Applied Mechanics and Engineering},
  volume = {435},
  pages = {117600},
  doi = {10.1016/j.cma.2024.117600},
  keywords = {read}
}

@article{africa2024lifexcfd,
  title = {lifex-cfd: {{An}} open-source computational fluid dynamics solver for cardiovascular applications},
  author = {Africa, Pasquale Claudio and Fumagalli, Ivan and Bucelli, Michele and Zingaro, Alberto and Fedele, Marco and Dede', Luca and Quarteroni, Alfio},
  year = {2024},
  month = mar,
  journal = {Computer Physics Communications},
  volume = {296},
  pages = {109039},
  doi = {10.1016/j.cpc.2023.109039},
  keywords = {iheart,mine,read}
}

@article{africa2023lifexep,
  title = {lifex-ep: a robust and efficient software for cardiac electrophysiology simulations},
  author = {Africa, Pasquale Claudio and Piersanti, Roberto and Regazzoni, Francesco and Bucelli, Michele and Salvador, Matteo and Fedele, Marco and Pagani, Stefano and Dede', Luca and Quarteroni, Alfio},
  year = {2023},
  month = oct,
  journal = {BMC Bioinformatics},
  volume = {24},
  number = {1},
  pages = {389},
  doi = {10.1186/s12859-023-05513-8},
  keywords = {iheart,mine,read}
}

@article{niederer2011verification,
  title = {Verification of cardiac tissue electrophysiology simulators using an            {{{\emph{N}}}}            -version benchmark},
  author = {Niederer, Steven A. and Kerfoot, Eric and Benson, Alan P. and Bernabeu, Miguel O. and Bernus, Olivier and Bradley, Chris and Cherry, Elizabeth M. and Clayton, Richard and Fenton, Flavio H. and Garny, Alan and Heidenreich, Elvio and Land, Sander and Maleckar, Mary and Pathmanathan, Pras and Plank, Gernot and Rodr{\'i}guez, Jos{\'e} F. and Roy, Ishani and Sachse, Frank B. and Seemann, Gunnar and Skavhaug, Ola and Smith, Nic P.},
  year = {2011},
  month = nov,
  journal = {Philosophical Transactions of the Royal Society A: Mathematical, Physical and Engineering Sciences},
  volume = {369},
  number = {1954},
  pages = {4331--4351},
  publisher = {The Royal Society},
  doi = {10.1098/rsta.2011.0139},
  copyright = {https://royalsociety.org/journals/ethics-policies/data-sharing-mining/},
  keywords = {read}
}

@article{zingaro2023comprehensive,
  title = {A comprehensive mathematical model for cardiac perfusion},
  author = {Zingaro, Alberto and Vergara, Christian and Dede', Luca and Regazzoni, Francesco and Quarteroni, Alfio},
  year = {2023},
  month = aug,
  journal = {Scientific Reports},
  volume = {13},
  number = {1},
  pages = {14220},
  doi = {10.1038/s41598-023-41312-0},
  keywords = {iheart,read}
}

@article{piersanti2021modeling,
  title = {Modeling cardiac muscle fibers in ventricular and atrial electrophysiology simulations},
  author = {Piersanti, Roberto and Africa, Pasquale C. and Fedele, Marco and Vergara, Christian and Ded{\`e}, Luca and Corno, Antonio F. and Quarteroni, Alfio},
  year = {2021},
  month = jan,
  journal = {Computer Methods in Applied Mechanics and Engineering},
  volume = {373},
  pages = {113468},
  doi = {10.1016/j.cma.2020.113468},
  keywords = {iheart,read}
}

@article{fedele2023comprehensive,
  title = {A comprehensive and biophysically detailed computational model of the whole human heart electromechanics},
  author = {Fedele, Marco and Piersanti, Roberto and Regazzoni, Francesco and Salvador, Matteo and Africa, Pasquale Claudio and Bucelli, Michele and Zingaro, Alberto and Dede', Luca and Quarteroni, Alfio},
  year = {2023},
  month = may,
  journal = {Computer Methods in Applied Mechanics and Engineering},
  volume = {410},
  pages = {115983},
  publisher = {Elsevier BV},
  doi = {10.1016/j.cma.2023.115983},
  copyright = {https://www.elsevier.com/tdm/userlicense/1.0/},
  keywords = {iheart,mine,read}
}

@article{heltai2019multiscale,
  title={Multiscale modeling of vascularized tissues via nonmatching immersed methods},
  author={Heltai, Luca and Caiazzo, Alfonso},
  journal={International Journal for Numerical Methods in Biomedical Engineering},
  volume={35},
  number={12},
  pages={e3264},
  year={2019},
  publisher={Wiley Online Library}
}

@article{heltai2023reduced,
  title={Reduced Lagrange multiplier approach for non-matching coupling of mixed-dimensional domains},
  author={Heltai, Luca and Zunino, Paolo},
  journal={Mathematical Models and Methods in Applied Sciences},
  volume={33},
  number={12},
  pages={2425--2462},
  year={2023},
  publisher={World Scientific}
}

@article{heltai2021multiscale,
  title={Multiscale coupling of one-dimensional vascular models and elastic tissues},
  author={Heltai, Luca and Caiazzo, Alfonso and M{\"u}ller, Lucas O},
  journal={Annals of biomedical engineering},
  volume={49},
  number={12},
  pages={3243--3254},
  year={2021},
  publisher={Springer}
}